@report{feature,
  author = {Ishaque, I.},
  title  = {Automatic Assessment of English as a Second Language},
  year   = {2023},
  month  = {May}
}

@report{feature_bias,
  author = {Wei, X. and Gales, M. and Knill, K.},
  title  = {Analysing Bias in Spoken Language Assessment Using
            Concept Activation Vectors
            },
  year   = {2021}
}

@report{feature_vector_old,
  author = {Wang, Y. and Gales, M. and Knill, K. and Kyriakopoulos, K. and Malinin, A. and van Dalen, R.C. and Rashid, M.},
  title  = {Towards automatic assessment of spontaneous spoken English},
  year   = {2018}
}

@report{graders,
  author = {Banno, S. and Knill, K. and Matassoni, M. and Raina, V. and Gales, M.},
  title  = {Assessment of L2 Oral Proficiency Using Self-Supervised Speech Representation Learning},
  year   = {2023}
}

@report{bias,
  author = {Crossley, S. and McNamara, D.},
  title  = {A Racial Disparity in Natural Language Processing: A Case Study of Social Media African-American English},
  year   = {2017}
}

@report{cav_def,
  author = {Alain, G. and Bengio, Y.},
  title  = {Understanding intermediate layers using linear classifier probes},
  year   = {2018}
}

@report{tcav,
  author = {Kim, B. and Wattenberg, M. and Gilmer, J. and Cai, C.J. and Wexler, J. and Viegas, F. and Sayres, R.},
  title  = {Interpretability beyond feature Â´
            attribution: Quantitative testing with concept activation vectors (TCAV)},
  year   = {2018}
}

@report{balanced,
  author = {Bakirarar, B. and Elhan, A.},
  title  = {Class Weighting Technique to Deal with Imbalanced Class Problem in Machine Learning: Methodological Research},
  year   = {2022}
}

@misc{linguaskills,
  author = {Ludlow, K.},
  title  = {Official Quick Guide to Linguaskill},
  year   = {2022}
}

@misc{CEFR,
  title = {Common European Framework of Reference for Languages:
           Learning, Teaching, Assessment},
  year  = {2001}
}

@misc{scikit-learn,
  title = {Stochastic Gradient Descent},
  note  = {Available online at: \url{https://scikit-learn.org/stable/modules/sgd.html}}
}